<?xml version="1.0" encoding="UTF-8"?><collection xmlns="http://www.loc.gov/MARC21/slim"><record><leader>00510nam--2200169-u-4500</leader><controlfield tag="001">000055608</controlfield><controlfield tag="002">20161230</controlfield><controlfield tag="005">20161230201052</controlfield><controlfield tag="008">130228s1000------------r-----000-0-eng-d</controlfield><datafield ind1=" " ind2=" " tag="040"><subfield code="a">IFIN-HH</subfield></datafield><datafield ind1=" " ind2=" " tag="080"><subfield code="a">413.232=S=85:539:621.039</subfield></datafield><datafield ind1="1" ind2=" " tag="110"><subfield code="a">Sovetskaia Entiklopedia</subfield></datafield><datafield ind1="1" ind2="0" tag="245"><subfield code="a">Rusko-cesky slovnik jaderne fyziky a techniky</subfield><subfield code="b">Russko-cesskii slovari po iadernoi fizike i tehnike</subfield></datafield><datafield ind1=" " ind2=" " tag="260"><subfield code="a">Moskva</subfield><subfield code="b">Sovetskaia Entiklopedia</subfield><subfield code="c">1964</subfield></datafield><datafield ind1=" " ind2=" " tag="300"><subfield code="a">304P</subfield></datafield><datafield ind1=" " ind2=" " tag="852"><subfield code="a">D.315</subfield><subfield code="c">SLCH</subfield></datafield><datafield ind1=" " ind2=" " tag="CAT"><subfield code="a">Sys</subfield><subfield code="c">20130228</subfield><subfield code="h">164229</subfield></datafield></record></collection>